<?xml version="1.0" encoding="UTF-8"?><collection xmlns="http://www.loc.gov/MARC21/slim"><record><leader>00585nam--2200181-i-4500</leader><controlfield tag="001">000013980</controlfield><controlfield tag="002">20161230</controlfield><controlfield tag="005">20170302001525</controlfield><controlfield tag="008">060222s1000------------r-----000-0-hun-d</controlfield><datafield ind1=" " ind2=" " tag="040"><subfield code="a">IFIN-HH</subfield></datafield><datafield ind1=" " ind2=" " tag="041"><subfield code="a">hun</subfield></datafield><datafield ind1=" " ind2=" " tag="080"><subfield code="a">539.12.04</subfield></datafield><datafield ind1="1" ind2=" " tag="100"><subfield code="a">F©œldi©Łk, G©Łbor</subfield></datafield><datafield ind1="1" ind2="0" tag="245"><subfield code="a">Az atomenergia-©♭s magkutat©Łs ©ðjabb eredm©♭nyei</subfield><subfield code="b">Vol. 2 K©Ưs©♭rleti ©♭s ipari gamma-besug©Łrz©đberendez©♭sek ©♭s alkalmaz©Łsuk</subfield><subfield code="c">F©œldi©Łk G©Łbor, Stenger Vilmos</subfield></datafield><datafield ind1=" " ind2=" " tag="260"><subfield code="a">Budapest</subfield><subfield code="b">Akad©♭miai Kiad©đ</subfield><subfield code="c">1983</subfield></datafield><datafield ind1="1" ind2=" " tag="700"><subfield code="a">Stenger, Vilmos</subfield></datafield><datafield ind1=" " ind2=" " tag="852"><subfield code="a">71523</subfield><subfield code="c">539.12.04</subfield></datafield><datafield ind1=" " ind2=" " tag="CAT"><subfield code="a">SYS</subfield><subfield code="c">20170302</subfield><subfield code="h">001525</subfield></datafield></record></collection>